<record><leader>00000cas a22000007a 4500</leader><controlfield tag="001">15202048</controlfield><controlfield tag="008">870217d19271954paudn ne      0    0eng d</controlfield><datafield ind1=" " ind2=" " tag="010"><subfield code="a">sn 87078580 </subfield></datafield><datafield ind1=" " ind2=" " tag="040"><subfield code="a">NPH</subfield><subfield code="b">eng</subfield><subfield code="c">NPH</subfield><subfield code="d">OCLCQ</subfield></datafield><datafield ind1=" " ind2=" " tag="042"><subfield code="a">msc</subfield></datafield><datafield ind1="0" ind2="0" tag="245"><subfield code="a">Mauch Chunk times-news.</subfield></datafield><datafield ind1=" " ind2=" " tag="260"><subfield code="a">Mauch Chunk [i.e. Jim Thorpe], Pa. :</subfield><subfield code="b">[James J. Boyle],</subfield><subfield code="c">1927-1954.</subfield></datafield><datafield ind1=" " ind2=" " tag="300"><subfield code="a">v. :</subfield><subfield code="b">ill. ;</subfield><subfield code="c">57 cm.</subfield></datafield><datafield ind1=" " ind2=" " tag="310"><subfield code="a">Daily (except Sun.)</subfield></datafield><datafield ind1="0" ind2=" " tag="362"><subfield code="a">44th year, no. 305 (Apr. 1, 1927)-72nd year, no. 78 (July 2, 1954).</subfield></datafield><datafield ind1=" " ind2=" " tag="752"><subfield code="a">United States</subfield><subfield code="b">Pennsylvania</subfield><subfield code="c">Carbon</subfield><subfield code="d">Jim Thorpe.</subfield></datafield><datafield ind1=" " ind2=" " tag="752"><subfield code="a">United States</subfield><subfield code="b">Pennsylvania</subfield><subfield code="c">Carbon</subfield><subfield code="d">Mauch Chunk.</subfield></datafield><datafield ind1="0" ind2="4" tag="780"><subfield code="t">Daily times (Jim Thorpe, Pa. : 1914)</subfield><subfield code="w">(DLC)sn 87078554</subfield></datafield><datafield ind1="0" ind2="4" tag="780"><subfield code="t">Daily news (Jim Thorpe, Pa.)</subfield><subfield code="w">(DLC)sn 87078579</subfield></datafield><datafield ind1="0" ind2="0" tag="785"><subfield code="t">Jim Thorpe times news</subfield><subfield code="w">(DLC)sn 87078575</subfield></datafield></record>